@inproceedings{pang2006introduction,
  title={Introduction to data mining},
  author={Pang-Ning, Tan and Steinbach, Michael and Kumar, Vipin and others},
  booktitle={Library of congress},
  volume={74},
  year={2006}
}

@article{cawley2010over,
  title={On over-fitting in model selection and subsequent selection bias in performance evaluation},
  author={Cawley, Gavin C and Talbot, Nicola LC},
  journal={Journal of Machine Learning Research},
  volume={11},
  number={Jul},
  pages={2079--2107},
  year={2010}
}

@article{auria2008support,
  title={Support vector machines (SVM) as a technique for solvency analysis},
  author={Auria, Laura and Moro, Rouslan A},
  year={2008},
  publisher={DIW Berlin Discussion Paper}
}

@article{hsu2003practical,
  title={A practical guide to support vector classification},
  author={Hsu, Chih-Wei and Chang, Chih-Chung and Lin, Chih-Jen and others},
  year={2003}
}

@article{hsu2002comparison,
  title={A comparison of methods for multiclass support vector machines},
  author={Hsu, Chih-Wei and Lin, Chih-Jen},
  journal={IEEE transactions on Neural Networks},
  volume={13},
  number={2},
  pages={415--425},
  year={2002},
  publisher={IEEE}
}